<record><leader>00000cas a2200000 a 4500</leader><controlfield tag="001">8441625</controlfield><controlfield tag="008">820519c19209999vauwn n       0   a0eng d</controlfield><datafield ind1=" " ind2=" " tag="010"><subfield code="a">sn 93005070 </subfield></datafield><datafield ind1=" " ind2=" " tag="040"><subfield code="a">VIC</subfield><subfield code="b">eng</subfield><subfield code="c">VIC</subfield><subfield code="d">NSD</subfield><subfield code="d">NVK</subfield><subfield code="d">OCLCQ</subfield><subfield code="d">OCLCF</subfield><subfield code="d">OCLCO</subfield></datafield><datafield ind1=" " ind2=" " tag="012"><subfield code="l">1</subfield></datafield><datafield ind1="1" ind2=" " tag="022"><subfield code="a">1071-9369</subfield><subfield code="l">1071-9369</subfield><subfield code="2">1</subfield></datafield><datafield ind1="1" ind2=" " tag="029"><subfield code="a">AU@</subfield><subfield code="b">000021312247</subfield></datafield><datafield ind1=" " ind2=" " tag="037"><subfield code="b">The Rotunda, Longwood College, Box 2901, Farmville, VA  23909</subfield></datafield><datafield ind1=" " ind2=" " tag="042"><subfield code="a">nsdp</subfield><subfield code="a">msc</subfield></datafield><datafield ind1=" " ind2=" " tag="090"><subfield code="a">LH1.L85</subfield><subfield code="b">R8</subfield></datafield><datafield ind1="0" ind2=" " tag="130"><subfield code="a">Rotunda (Farmville, Va.)</subfield></datafield><datafield ind1=" " ind2="4" tag="222"><subfield code="a">The Rotunda</subfield><subfield code="b">(Farmville, Va.)</subfield></datafield><datafield ind1="0" ind2="4" tag="245"><subfield code="a">The Rotunda.</subfield></datafield><datafield ind1="3" ind2="0" tag="246"><subfield code="a">Rotunda of Longwood College</subfield></datafield><datafield ind1=" " ind2=" " tag="260"><subfield code="a">Farmville, Va. :</subfield><subfield code="b">Longwood College,</subfield><subfield code="c">1920-</subfield></datafield><datafield ind1=" " ind2=" " tag="300"><subfield code="a">v.</subfield></datafield><datafield ind1=" " ind2=" " tag="310"><subfield code="a">Weekly (during the college year)</subfield></datafield><datafield ind1="0" ind2=" " tag="362"><subfield code="a">Vol. 1, no. 5 (Nov. 26, 1920)-</subfield></datafield><datafield ind1=" " ind2=" " tag="515"><subfield code="a">Continues numbering of: Dummy.</subfield></datafield><datafield ind1=" " ind2=" " tag="530"><subfield code="a">Available on microfilm from TPS Imaging Solutions.</subfield></datafield><datafield ind1=" " ind2=" " tag="550"><subfield code="a">Published by the students of Virginia State Normal School for Women, 1920-24; Virginia State Teachers College at Farmville, 1924-49; Longwood College, 1949-</subfield></datafield><datafield ind1="2" ind2="0" tag="610"><subfield code="a">Longwood College</subfield><subfield code="v">Newspapers.</subfield></datafield><datafield ind1=" " ind2="0" tag="650"><subfield code="a">College student newspapers and periodicals</subfield><subfield code="z">Virginia.</subfield></datafield><datafield ind1=" " ind2="0" tag="651"><subfield code="a">Farmville (Va.)</subfield><subfield code="v">Newspapers.</subfield></datafield><datafield ind1=" " ind2="7" tag="655"><subfield code="a">Newspapers.</subfield><subfield code="2">fast</subfield><subfield code="0">(OCoLC)fst01423814</subfield></datafield><datafield ind1="2" ind2="7" tag="610"><subfield code="a">Longwood College.</subfield><subfield code="2">fast</subfield><subfield code="0">(OCoLC)fst00615107</subfield></datafield><datafield ind1=" " ind2="7" tag="650"><subfield code="a">College student newspapers and periodicals.</subfield><subfield code="2">fast</subfield><subfield code="0">(OCoLC)fst00867966</subfield></datafield><datafield ind1=" " ind2="7" tag="651"><subfield code="a">Virginia.</subfield><subfield code="2">fast</subfield><subfield code="0">(OCoLC)fst01204597</subfield></datafield><datafield ind1=" " ind2="7" tag="651"><subfield code="a">Virginia</subfield><subfield code="z">Farmville.</subfield><subfield code="2">fast</subfield><subfield code="0">(OCoLC)fst01226898</subfield></datafield><datafield ind1="2" ind2=" " tag="710"><subfield code="a">Longwood College.</subfield></datafield><datafield ind1="2" ind2=" " tag="710"><subfield code="a">Virginia State Normal School for Women.</subfield></datafield><datafield ind1="2" ind2=" " tag="710"><subfield code="a">Virginia State Teachers College at Farmville.</subfield></datafield><datafield ind1=" " ind2=" " tag="752"><subfield code="a">United States</subfield><subfield code="b">Virginia</subfield><subfield code="c">Prince Edward</subfield><subfield code="d">Farmville.</subfield></datafield><datafield ind1="0" ind2="0" tag="780"><subfield code="t">Dummy (Farmville, Va.)</subfield><subfield code="w">(DLC)sn 00064875</subfield></datafield><datafield ind1=" " ind2=" " tag="936"><subfield code="a">Vol. 74, no. 23 (Apr. 28, 1995) LIC</subfield></datafield></record>